<?xml version="1.0" encoding="UTF-8"?>
<collection xmlns:xsi="http://www.w3.org/2001/XMLSchema-instance" xsi:schemaLocation="http://www.loc.gov/MARC21/slim http://www.loc.gov/standards/marcxml/schema/MARC21slim.xsd" xmlns="http://www.loc.gov/MARC21/slim">
<record>
  <leader>00784cam a22002291  4500</leader>
  <controlfield tag="001">3062922</controlfield>
  <controlfield tag="003">NNC</controlfield>
  <controlfield tag="005">20130520200817.0</controlfield>
  <controlfield tag="008">010809m19131914ua            000 0 ara d</controlfield>
  <datafield tag="035" ind1=" " ind2=" ">
    <subfield code="a">(OCoLC)ocm47747014</subfield>
  </datafield>
  <datafield tag="035" ind1=" " ind2=" ">
    <subfield code="9">ATN4663CU</subfield>
  </datafield>
  <datafield tag="035" ind1=" " ind2=" ">
    <subfield code="a">(NNC)3062922</subfield>
  </datafield>
  <datafield tag="035" ind1=" " ind2=" ">
    <subfield code="a">3062922</subfield>
  </datafield>
  <datafield tag="040" ind1=" " ind2=" ">
    <subfield code="a">ZCU</subfield>
    <subfield code="c">ZCU</subfield>
  </datafield>
  <datafield tag="099" ind1=" " ind2=" ">
    <subfield code="a">893.799</subfield>
    <subfield code="a">M2914</subfield>
  </datafield>
  <datafield tag="100" ind1="1" ind2=" ">
    <subfield code="a">Bājī, Sulaymān ibn Khalaf,</subfield>
    <subfield code="d">1012 or 1013-1081?</subfield>
  </datafield>
  <datafield tag="245" ind1="1" ind2="0">
    <subfield code="a">Kitāb al-Muntaqā,</subfield>
    <subfield code="b">sharḥ Muwaṭṭaʾ Imām Mālik ibn Anas,</subfield>
    <subfield code="c">taʾlīf Abū al-Walīd Sulaymān ibn Khalaf ibn Saʻd ibn Ayyūb ibn Wārith al-Bājī al-Andalusī.</subfield>
  </datafield>
  <datafield tag="260" ind1=" " ind2=" ">
    <subfield code="a">Miṣr,</subfield>
    <subfield code="b">Maṭb. al-Saʻādah,</subfield>
    <subfield code="c">1331-32 [1913-14]</subfield>
  </datafield>
  <datafield tag="300" ind1=" " ind2=" ">
    <subfield code="a">7 v.</subfield>
  </datafield>
  <datafield tag="650" ind1=" " ind2="0">
    <subfield code="a">Islamic law.</subfield>
  </datafield>
  <datafield tag="700" ind1="0" ind2=" ">
    <subfield code="a">Mālik ibn Anas,</subfield>
    <subfield code="d">-795.</subfield>
    <subfield code="t">Muwaṭṭaʼ.</subfield>
  </datafield>
  <datafield tag="955" ind1=" " ind2=" ">
    <subfield code="b">0040992551</subfield>
    <subfield code="d">glx</subfield>
    <subfield code="e">893.799 M2914</subfield>
    <subfield code="v">v.7</subfield>
  </datafield>
</record>
</collection>